@article{Britton2012,
  doi = {10.1016/j.tim.2012.04.001},
  url = {http://dx.doi.org/10.1016/j.tim.2012.04.001},
  year  = {2012},
  month = {jul},
  publisher = {Elsevier {BV}},
  volume = {20},
  number = {7},
  pages = {313--319},
  author = {Robert A. Britton and Vincent B. Young},
  title = {Interaction between the intestinal microbiota and host in Clostridium difficile colonization resistance},
  journal = {Trends in Microbiology}
}

@article{Lessa2015,
  doi = {10.1056/nejmoa1408913},
  url = {http://dx.doi.org/10.1056/NEJMoa1408913},
  year  = {2015},
  month = {feb},
  publisher = {New England Journal of Medicine ({NEJM}/{MMS})},
  volume = {372},
  number = {9},
  pages = {825--834},
  author = {Fernanda C. Lessa and Yi Mu and Wendy M. Bamberg and Zintars G. Beldavs and Ghinwa K. Dumyati and John R. Dunn and Monica M. Farley and Stacy M. Holzbauer and James I. Meek and Erin C. Phipps and Lucy E. Wilson and Lisa G. Winston and Jessica A. Cohen and Brandi M. Limbago and Scott K. Fridkin and Dale N. Gerding and L. Clifford McDonald},
  title = {Burden {ofClostridium} {difficileInfection} in the United States},
  journal = {New England Journal of Medicine}
}

@article{Schubert2014,
  doi = {10.1128/mbio.01021-14},
  url = {http://dx.doi.org/10.1128/mBio.01021-14},
  year  = {2014},
  month = {may},
  publisher = {American Society for Microbiology},
  volume = {5},
  number = {3},
  pages = {e01021--14--e01021--14},
  author = {A. M. Schubert and M. A. M. Rogers and C. Ring and J. Mogle and J. P. Petrosino and V. B. Young and D. M. Aronoff and P. D. Schloss},
  title = {Microbiome Data Distinguish Patients with Clostridium difficile Infection and Non-C. difficile-Associated Diarrhea from Healthy Controls},
  journal = {{mBio}}
}

@article{Vincent2013,
  doi = {10.1186/2049-2618-1-18},
  url = {http://dx.doi.org/10.1186/2049-2618-1-18},
  year  = {2013},
  publisher = {Springer Nature},
  volume = {1},
  number = {1},
  pages = {18},
  author = {Caroline Vincent and David A Stephens and Vivian G Loo and Thaddeus J Edens and Marcel A Behr and Ken Dewar and Amee R Manges},
  title = {Reductions in intestinal Clostridiales precede the development of nosocomial Clostridium difficile infection},
  journal = {Microbiome}
}

@article{Seekatz2014,
  doi = {10.1128/mbio.00893-14},
  url = {http://dx.doi.org/10.1128/mBio.00893-14},
  year  = {2014},
  month = {jun},
  publisher = {American Society for Microbiology},
  volume = {5},
  number = {3},
  pages = {e00893--14--e00893--14},
  author = {A. M. Seekatz and J. Aas and C. E. Gessert and T. A. Rubin and D. M. Saman and J. S. Bakken and V. B. Young},
  title = {Recovery of the Gut Microbiome following Fecal Microbiota Transplantation},
  journal = {{mBio}}
}

@article{Buffie2011,
  doi = {10.1128/iai.05496-11},
  url = {http://dx.doi.org/10.1128/IAI.05496-11},
  year  = {2011},
  month = {oct},
  publisher = {American Society for Microbiology},
  volume = {80},
  number = {1},
  pages = {62--73},
  author = {C. G. Buffie and I. Jarchum and M. Equinda and L. Lipuma and A. Gobourne and A. Viale and C. Ubeda and J. Xavier and E. G. Pamer},
  title = {Profound Alterations of Intestinal Microbiota following a Single Dose of Clindamycin Results in Sustained Susceptibility to Clostridium difficile-Induced Colitis},
  journal = {Infection and Immunity}
}

@article{Theriot2011,
  doi = {10.4161/gmic.19142},
  url = {http://dx.doi.org/10.4161/gmic.19142},
  year  = {2011},
  month = {nov},
  publisher = {Informa {UK} Limited},
  volume = {2},
  number = {6},
  pages = {326--334},
  author = {Casey M. Theriot and Charles C. Koumpouras and Paul E. Carlson and Ingrid I. Bergin and David M. Aronoff and Vincent B. Young},
  title = { Cefoperazone-treated mice as an experimental platform to assess differential virulence of Clostridium difficile strains },
  journal = {Gut Microbes}
}

@article{Schubert2015,
  doi = {10.1128/mbio.00974-15},
  url = {http://dx.doi.org/10.1128/mBio.00974-15},
  year  = {2015},
  month = {jul},
  publisher = {American Society for Microbiology},
  volume = {6},
  number = {4},
  pages = {e00974--15},
  author = {Alyxandria M. Schubert and Hamide Sinani and Patrick D. Schloss},
  title = { Antibiotic-Induced Alterations of the Murine Gut Microbiota and Subsequent Effects on Colonization Resistance against Clostridium difficile },
  journal = {{mBio}}
}

@article{Reeves2011,
  doi = {10.4161/gmic.2.3.16333},
  url = {http://dx.doi.org/10.4161/gmic.2.3.16333},
  year  = {2011},
  month = {may},
  publisher = {Informa {UK} Limited},
  volume = {2},
  number = {3},
  pages = {145--158},
  author = {Angela E. Reeves and Casey M. Theriot and Ingrid L. Bergin and Gary B. Huffnagle and Patrick D. Schloss and Vincent B. Young},
  title = { The interplay between microbiome dynamics and pathogen dynamics in a murine model of Clostridium difficile Infection },
  journal = {Gut Microbes}
}

@article{Theriot2013,
  doi = {10.4161/gmic.27131},
  url = {http://dx.doi.org/10.4161/gmic.27131},
  year  = {2013},
  month = {dec},
  publisher = {Informa {UK} Limited},
  volume = {5},
  number = {1},
  pages = {86--95},
  author = {Casey M Theriot and Vincent B Young},
  title = { Microbial and metabolic interactions between the gastrointestinal tract and Clostridium difficile infection },
  journal = {Gut Microbes}
}

@article{Reeves2012,
  doi = {10.1128/iai.00647-12},
  url = {http://dx.doi.org/10.1128/IAI.00647-12},
  year  = {2012},
  month = {aug},
  publisher = {American Society for Microbiology},
  volume = {80},
  number = {11},
  pages = {3786--3794},
  author = {A. E. Reeves and M. J. Koenigsknecht and I. L. Bergin and V. B. Young},
  title = {Suppression of Clostridium difficile in the Gastrointestinal Tracts of Germfree Mice Inoculated with a Murine Isolate from the Family Lachnospiraceae},
  journal = {Infection and Immunity}
}

@article{Ng2013,
  doi = {10.1038/nature12503},
  url = {http://dx.doi.org/10.1038/nature12503},
  year  = {2013},
  month = {sep},
  publisher = {Springer Nature},
  volume = {502},
  number = {7469},
  pages = {96--99},
  author = {Katharine M. Ng and Jessica A. Ferreyra and Steven K. Higginbottom and Jonathan B. Lynch and Purna C. Kashyap and Smita Gopinath and Natasha Naidu and Biswa Choudhury and Bart C. Weimer and Denise M. Monack and Justin L. Sonnenburg},
  title = {Microbiota-liberated host sugars facilitate post-antibiotic expansion of enteric pathogens},
  journal = {Nature}
}

@article{Pawlowski2010,
  doi = {10.1086/657086},
  url = {http://dx.doi.org/10.1086/657086},
  year  = {2010},
  month = {dec},
  publisher = {Oxford University Press ({OUP})},
  volume = {202},
  number = {11},
  pages = {1708--1712},
  author = {S.~W. Pawlowski and G. Calabrese and G.~L. Kolling and R. Freire and C. AlcantaraWarren and B. Liu and R.~B. Sartor and R.~L. Guerrant},
  title = { Murine Model of Clostridium difficile Infection with Aged Gnotobiotic C57BL/6 Mice and a {BI}/{NAP}1 Strain },
  journal = {The Journal of Infectious Diseases}
}

@article{Kim2014,
  doi = {10.1128/aac.03447-14},
  url = {http://dx.doi.org/10.1128/AAC.03447-14},
  year  = {2014},
  month = {sep},
  publisher = {American Society for Microbiology},
  volume = {58},
  number = {12},
  pages = {7560--7564},
  author = {H. B. Kim and Q. Zhang and X. Sun and G. Beamer and Y. Wang and S. Tzipori},
  title = {Beneficial Effect of Oral Tigecycline Treatment on Clostridium difficile Infection in Gnotobiotic Piglets},
  journal = {Antimicrobial Agents and Chemotherapy}
}

@article{Diao2016,
  doi = {10.1186/s12866-016-0851-z},
  url = {http://dx.doi.org/10.1186/s12866-016-0851-z},
  year  = {2016},
  month = {oct},
  publisher = {Springer Nature},
  volume = {16},
  number = {1},
  author = {H. Diao and H. L. Yan and Y. Xiao and B. Yu and J. Yu and J. He and P. Zheng and B.H. Zeng and H. Wei and X.B. Mao and D.W. Chen},
  title = {Intestinal microbiota could transfer host Gut characteristics from pigs to mice},
  journal = {{BMC} Microbiology}
}

@article{Steele2010,
  doi = {10.1086/649799},
  url = {http://dx.doi.org/10.1086/649799},
  year  = {2010},
  month = {feb},
  publisher = {Oxford University Press ({OUP})},
  volume = {201},
  number = {3},
  pages = {428--434},
  author = {Jennifer Steele and Hanping Feng and Nicola Parry and Saul Tzipori},
  title = { Piglet Models of Acute or Chronic Clostridium difficile Illness },
  journal = {The Journal of Infectious Diseases}
}

@article{Collins2015,
  doi = {10.1186/s40168-015-0097-2},
  url = {http://dx.doi.org/10.1186/s40168-015-0097-2},
  year  = {2015},
  month = {aug},
  publisher = {Springer Nature},
  volume = {3},
  number = {1},
  author = {James Collins and Jennifer M. Auchtung and Laura Schaefer and Kathryn A. Eaton and Robert A. Britton},
  title = {Humanized microbiota mice as a model of recurrent Clostridium difficile disease},
  journal = {Microbiome}
}

@article{Calle2011,
  doi = {10.1159/000330778},
  url = {http://dx.doi.org/10.1159/000330778},
  year  = {2011},
  publisher = {S. Karger {AG}},
  volume = {72},
  number = {2},
  pages = {121--132},
  author = {M. Luz Calle and Victor Urrea and Anne-Laure Boulesteix and Nuria Malats},
  title = {{AUC}-{RF}: A New Strategy for Genomic Profiling with Random Forest},
  journal = {Human Heredity}
}

@article{Baxter2016,
  doi = {10.1186/s13073-016-0290-3},
  url = {http://dx.doi.org/10.1186/s13073-016-0290-3},
  year  = {2016},
  month = {apr},
  publisher = {Springer Nature},
  volume = {8},
  number = {1},
  author = {Nielson T. Baxter and Mack T. Ruffin and Mary A. M. Rogers and Patrick D. Schloss},
  title = {Microbiota-based model improves the sensitivity of fecal immunochemical test for detecting colonic lesions},
  journal = {Genome Medicine}
}

@article{Heinlen2010,
  doi = {10.1097/maj.0b013e3181e939d8},
  url = {http://dx.doi.org/10.1097/MAJ.0b013e3181e939d8},
  year  = {2010},
  month = {sep},
  publisher = {Elsevier {BV}},
  volume = {340},
  number = {3},
  pages = {247--252},
  author = {Latisha Heinlen and Jimmy D. Ballard},
  title = {Clostridium difficile Infection},
  journal = {The American Journal of the Medical Sciences}
}

@article{FuruyaKanamori2015,
  doi = {10.1186/s12879-015-1258-4},
  url = {http://dx.doi.org/10.1186/s12879-015-1258-4},
  year  = {2015},
  month = {nov},
  publisher = {Springer Nature},
  volume = {15},
  number = {1},
  author = {Luis Furuya-Kanamori and John Marquess and Laith Yakob and Thomas V. Riley and David L. Paterson and Niki F. Foster and Charlotte A. Huber and Archie C. A. Clements},
  title = {Asymptomatic Clostridium difficile colonization: epidemiology and clinical implications},
  journal = {{BMC} Infectious Diseases}
}

@article{Gerding2015,
  doi = {10.1001/jama.2015.3725},
  url = {http://dx.doi.org/10.1001/jama.2015.3725},
  year  = {2015},
  month = {may},
  publisher = {American Medical Association ({AMA})},
  volume = {313},
  number = {17},
  pages = {1719},
  author = {Dale N. Gerding and Thomas Meyer and Christine Lee and Stuart H. Cohen and Uma K. Murthy and Andre Poirier and Trevor C. Van Schooneveld and Darrell S. Pardi and Antonio Ramos and Michelle A. Barron and Hongzi Chen and Stephen Villano},
  title = { Administration of Spores of Nontoxigenic Clostridium difficile Strain M3 for Prevention of Recurrent C difficile Infection },
  journal = {{JAMA}}
}

@article{Carlson2013,
  doi = {10.1016/j.anaerobe.2013.04.003},
  url = {http://dx.doi.org/10.1016/j.anaerobe.2013.04.003},
  year  = {2013},
  month = {dec},
  publisher = {Elsevier {BV}},
  volume = {24},
  pages = {109--116},
  author = {Paul E. Carlson and Seth T. Walk and Alexandra E.T. Bourgis and Melissa W. Liu and Fatos Kopliku and Eugene Lo and Vincent B. Young and David M. Aronoff and Philip C. Hanna},
  title = {The relationship between phenotype,  ribotype,  and clinical disease in human Clostridium difficile isolates},
  journal = {Anaerobe}
}

@article{Bliss1997,
  doi = {10.1016/s0732-8893(97)00113-2},
  url = {http://dx.doi.org/10.1016/S0732-8893(97)00113-2},
  year  = {1997},
  month = {sep},
  publisher = {Elsevier {BV}},
  volume = {29},
  number = {1},
  pages = {1--4},
  author = {Donna Zimmaro Bliss and Stuart Johnson and Connie R. Clabots and Kay Savik and Dale N. Gerding},
  title = {Comparison of cycloserine-cefoxitin-fructose agar ({CCFA}) and taurocholate-{CCFA} for recovery of Clostridium difficile during surveillance of hospitalized patients},
  journal = {Diagnostic Microbiology and Infectious Disease}
}

@article{Kozich2013,
  doi = {10.1128/aem.01043-13},
  url = {http://dx.doi.org/10.1128/AEM.01043-13},
  year  = {2013},
  month = {jun},
  publisher = {American Society for Microbiology},
  volume = {79},
  number = {17},
  pages = {5112--5120},
  author = {J. J. Kozich and S. L. Westcott and N. T. Baxter and S. K. Highlander and P. D. Schloss},
  title = {Development of a Dual-Index Sequencing Strategy and Curation Pipeline for Analyzing Amplicon Sequence Data on the {MiSeq} Illumina Sequencing Platform},
  journal = {Applied and Environmental Microbiology}
}